%YAML 1.1
%TAG !u! tag:unity3d.com,2011:
--- !u!29 &1
OcclusionCullingSettings:
  m_ObjectHideFlags: 0
  serializedVersion: 2
  m_OcclusionBakeSettings:
    smallestOccluder: 5
    smallestHole: 0.25
    backfaceThreshold: 100
  m_SceneGUID: 00000000000000000000000000000000
  m_OcclusionCullingData: {fileID: 0}
--- !u!104 &2
RenderSettings:
  m_ObjectHideFlags: 0
  serializedVersion: 9
  m_Fog: 0
  m_FogColor: {r: 0.5, g: 0.5, b: 0.5, a: 1}
  m_FogMode: 3
  m_FogDensity: 0.01
  m_LinearFogStart: 0
  m_LinearFogEnd: 300
  m_AmbientSkyColor: {r: 0.212, g: 0.227, b: 0.259, a: 1}
  m_AmbientEquatorColor: {r: 0.114, g: 0.125, b: 0.133, a: 1}
  m_AmbientGroundColor: {r: 0.047, g: 0.043, b: 0.035, a: 1}
  m_AmbientIntensity: 1
  m_AmbientMode: 3
  m_SubtractiveShadowColor: {r: 0.42, g: 0.478, b: 0.627, a: 1}
  m_SkyboxMaterial: {fileID: 0}
  m_HaloStrength: 0.5
  m_FlareStrength: 1
  m_FlareFadeSpeed: 3
  m_HaloTexture: {fileID: 0}
  m_SpotCookie: {fileID: 10001, guid: 0000000000000000e000000000000000, type: 0}
  m_DefaultReflectionMode: 0
  m_DefaultReflectionResolution: 128
  m_ReflectionBounces: 1
  m_ReflectionIntensity: 1
  m_CustomReflection: {fileID: 0}
  m_Sun: {fileID: 0}
  m_IndirectSpecularColor: {r: 0, g: 0, b: 0, a: 1}
  m_UseRadianceAmbientProbe: 0
--- !u!157 &3
LightmapSettings:
  m_ObjectHideFlags: 0
  serializedVersion: 12
  m_GIWorkflowMode: 1
  m_GISettings:
    serializedVersion: 2
    m_BounceScale: 1
    m_IndirectOutputScale: 1
    m_AlbedoBoost: 1
    m_EnvironmentLightingMode: 0
    m_EnableBakedLightmaps: 0
    m_EnableRealtimeLightmaps: 0
  m_LightmapEditorSettings:
    serializedVersion: 12
    m_Resolution: 2
    m_BakeResolution: 40
    m_AtlasSize: 1024
    m_AO: 0
    m_AOMaxDistance: 1
    m_CompAOExponent: 1
    m_CompAOExponentDirect: 0
    m_ExtractAmbientOcclusion: 0
    m_Padding: 2
    m_LightmapParameters: {fileID: 0}
    m_LightmapsBakeMode: 1
    m_TextureCompression: 1
    m_FinalGather: 0
    m_FinalGatherFiltering: 1
    m_FinalGatherRayCount: 256
    m_ReflectionCompression: 2
    m_MixedBakeMode: 2
    m_BakeBackend: 0
    m_PVRSampling: 1
    m_PVRDirectSampleCount: 32
    m_PVRSampleCount: 500
    m_PVRBounces: 2
    m_PVREnvironmentSampleCount: 500
    m_PVREnvironmentReferencePointCount: 2048
    m_PVRFilteringMode: 2
    m_PVRDenoiserTypeDirect: 0
    m_PVRDenoiserTypeIndirect: 0
    m_PVRDenoiserTypeAO: 0
    m_PVRFilterTypeDirect: 0
    m_PVRFilterTypeIndirect: 0
    m_PVRFilterTypeAO: 0
    m_PVREnvironmentMIS: 0
    m_PVRCulling: 1
    m_PVRFilteringGaussRadiusDirect: 1
    m_PVRFilteringGaussRadiusIndirect: 5
    m_PVRFilteringGaussRadiusAO: 2
    m_PVRFilteringAtrousPositionSigmaDirect: 0.5
    m_PVRFilteringAtrousPositionSigmaIndirect: 2
    m_PVRFilteringAtrousPositionSigmaAO: 1
    m_ExportTrainingData: 0
    m_TrainingDataDestination: TrainingData
    m_LightProbeSampleCountMultiplier: 4
  m_LightingDataAsset: {fileID: 0}
  m_LightingSettings: {fileID: 0}
--- !u!196 &4
NavMeshSettings:
  serializedVersion: 2
  m_ObjectHideFlags: 0
  m_BuildSettings:
    serializedVersion: 2
    agentTypeID: 0
    agentRadius: 0.5
    agentHeight: 2
    agentSlope: 45
    agentClimb: 0.4
    ledgeDropHeight: 0
    maxJumpAcrossDistance: 0
    minRegionArea: 2
    manualCellSize: 0
    cellSize: 0.16666667
    manualTileSize: 0
    tileSize: 256
    accuratePlacement: 0
    maxJobWorkers: 0
    preserveTilesOutsideBounds: 0
    debug:
      m_Flags: 0
  m_NavMeshData: {fileID: 0}
--- !u!1001 &165445783
PrefabInstance:
  m_ObjectHideFlags: 0
  serializedVersion: 2
  m_Modification:
    m_TransformParent: {fileID: 0}
    m_Modifications:
    - target: {fileID: 1519082679661159769, guid: 66866163e81a7fc4bbef6915f92e5c92, type: 3}
      propertyPath: m_RootOrder
      value: 0
      objectReference: {fileID: 0}
    - target: {fileID: 1519082679661159769, guid: 66866163e81a7fc4bbef6915f92e5c92, type: 3}
      propertyPath: m_LocalScale.y
      value: 1.8330934
      objectReference: {fileID: 0}
    - target: {fileID: 1519082679661159769, guid: 66866163e81a7fc4bbef6915f92e5c92, type: 3}
      propertyPath: m_LocalPosition.x
      value: -0.45
      objectReference: {fileID: 0}
    - target: {fileID: 1519082679661159769, guid: 66866163e81a7fc4bbef6915f92e5c92, type: 3}
      propertyPath: m_LocalPosition.y
      value: 0.3086
      objectReference: {fileID: 0}
    - target: {fileID: 1519082679661159769, guid: 66866163e81a7fc4bbef6915f92e5c92, type: 3}
      propertyPath: m_LocalPosition.z
      value: 0
      objectReference: {fileID: 0}
    - target: {fileID: 1519082679661159769, guid: 66866163e81a7fc4bbef6915f92e5c92, type: 3}
      propertyPath: m_LocalRotation.w
      value: 1
      objectReference: {fileID: 0}
    - target: {fileID: 1519082679661159769, guid: 66866163e81a7fc4bbef6915f92e5c92, type: 3}
      propertyPath: m_LocalRotation.x
      value: 0
      objectReference: {fileID: 0}
    - target: {fileID: 1519082679661159769, guid: 66866163e81a7fc4bbef6915f92e5c92, type: 3}
      propertyPath: m_LocalRotation.y
      value: 0
      objectReference: {fileID: 0}
    - target: {fileID: 1519082679661159769, guid: 66866163e81a7fc4bbef6915f92e5c92, type: 3}
      propertyPath: m_LocalRotation.z
      value: 0
      objectReference: {fileID: 0}
    - target: {fileID: 1519082679661159769, guid: 66866163e81a7fc4bbef6915f92e5c92, type: 3}
      propertyPath: m_LocalEulerAnglesHint.x
      value: 0
      objectReference: {fileID: 0}
    - target: {fileID: 1519082679661159769, guid: 66866163e81a7fc4bbef6915f92e5c92, type: 3}
      propertyPath: m_LocalEulerAnglesHint.y
      value: 0
      objectReference: {fileID: 0}
    - target: {fileID: 1519082679661159769, guid: 66866163e81a7fc4bbef6915f92e5c92, type: 3}
      propertyPath: m_LocalEulerAnglesHint.z
      value: 0
      objectReference: {fileID: 0}
    - target: {fileID: 7474100652453075749, guid: 66866163e81a7fc4bbef6915f92e5c92, type: 3}
      propertyPath: m_Name
      value: Gribo4ek 2 (2)
      objectReference: {fileID: 0}
    m_RemovedComponents: []
  m_SourcePrefab: {fileID: 100100000, guid: 66866163e81a7fc4bbef6915f92e5c92, type: 3}
--- !u!1 &220447737
GameObject:
  m_ObjectHideFlags: 0
  m_CorrespondingSourceObject: {fileID: 0}
  m_PrefabInstance: {fileID: 0}
  m_PrefabAsset: {fileID: 0}
  serializedVersion: 6
  m_Component:
  - component: {fileID: 220447739}
  - component: {fileID: 220447738}
  m_Layer: 0
  m_Name: Gribo4ek 2 (1)
  m_TagString: Untagged
  m_Icon: {fileID: 0}
  m_NavMeshLayer: 0
  m_StaticEditorFlags: 0
  m_IsActive: 1
--- !u!212 &220447738
SpriteRenderer:
  m_ObjectHideFlags: 0
  m_CorrespondingSourceObject: {fileID: 0}
  m_PrefabInstance: {fileID: 0}
  m_PrefabAsset: {fileID: 0}
  m_GameObject: {fileID: 220447737}
  m_Enabled: 1
  m_CastShadows: 0
  m_ReceiveShadows: 0
  m_DynamicOccludee: 1
  m_MotionVectors: 1
  m_LightProbeUsage: 1
  m_ReflectionProbeUsage: 1
  m_RayTracingMode: 0
  m_RayTraceProcedural: 0
  m_RenderingLayerMask: 1
  m_RendererPriority: 0
  m_Materials:
  - {fileID: 10754, guid: 0000000000000000f000000000000000, type: 0}
  m_StaticBatchInfo:
    firstSubMesh: 0
    subMeshCount: 0
  m_StaticBatchRoot: {fileID: 0}
  m_ProbeAnchor: {fileID: 0}
  m_LightProbeVolumeOverride: {fileID: 0}
  m_ScaleInLightmap: 1
  m_ReceiveGI: 1
  m_PreserveUVs: 0
  m_IgnoreNormalsForChartDetection: 0
  m_ImportantGI: 0
  m_StitchLightmapSeams: 1
  m_SelectedEditorRenderState: 0
  m_MinimumChartSize: 4
  m_AutoUVMaxDistance: 0.5
  m_AutoUVMaxAngle: 89
  m_LightmapParameters: {fileID: 0}
  m_SortingLayerID: 0
  m_SortingLayer: 0
  m_SortingOrder: 0
  m_Sprite: {fileID: 21300000, guid: 3ddbb40ed2f145549bec3502de3f43c9, type: 3}
  m_Color: {r: 1, g: 1, b: 1, a: 1}
  m_FlipX: 0
  m_FlipY: 0
  m_DrawMode: 0
  m_Size: {x: 2.26, y: 1.84}
  m_AdaptiveModeThreshold: 0.5
  m_SpriteTileMode: 0
  m_WasSpriteAssigned: 1
  m_MaskInteraction: 0
  m_SpriteSortPoint: 0
--- !u!4 &220447739
Transform:
  m_ObjectHideFlags: 0
  m_CorrespondingSourceObject: {fileID: 0}
  m_PrefabInstance: {fileID: 0}
  m_PrefabAsset: {fileID: 0}
  m_GameObject: {fileID: 220447737}
  m_LocalRotation: {x: 0, y: 0, z: 0, w: 1}
  m_LocalPosition: {x: 0.06, y: 1.0256, z: 0}
  m_LocalScale: {x: 1.2811, y: 1.2679589, z: 1}
  m_Children: []
  m_Father: {fileID: 0}
  m_RootOrder: 9
  m_LocalEulerAnglesHint: {x: 0, y: 0, z: 0}
--- !u!1 &307076923
GameObject:
  m_ObjectHideFlags: 0
  m_CorrespondingSourceObject: {fileID: 0}
  m_PrefabInstance: {fileID: 0}
  m_PrefabAsset: {fileID: 0}
  serializedVersion: 6
  m_Component:
  - component: {fileID: 307076926}
  - component: {fileID: 307076925}
  - component: {fileID: 307076924}
  m_Layer: 0
  m_Name: EventSystem
  m_TagString: Untagged
  m_Icon: {fileID: 0}
  m_NavMeshLayer: 0
  m_StaticEditorFlags: 0
  m_IsActive: 1
--- !u!114 &307076924
MonoBehaviour:
  m_ObjectHideFlags: 0
  m_CorrespondingSourceObject: {fileID: 0}
  m_PrefabInstance: {fileID: 0}
  m_PrefabAsset: {fileID: 0}
  m_GameObject: {fileID: 307076923}
  m_Enabled: 1
  m_EditorHideFlags: 0
  m_Script: {fileID: 11500000, guid: 4f231c4fb786f3946a6b90b886c48677, type: 3}
  m_Name: 
  m_EditorClassIdentifier: 
  m_HorizontalAxis: Horizontal
  m_VerticalAxis: Vertical
  m_SubmitButton: Submit
  m_CancelButton: Cancel
  m_InputActionsPerSecond: 10
  m_RepeatDelay: 0.5
  m_ForceModuleActive: 0
--- !u!114 &307076925
MonoBehaviour:
  m_ObjectHideFlags: 0
  m_CorrespondingSourceObject: {fileID: 0}
  m_PrefabInstance: {fileID: 0}
  m_PrefabAsset: {fileID: 0}
  m_GameObject: {fileID: 307076923}
  m_Enabled: 1
  m_EditorHideFlags: 0
  m_Script: {fileID: 11500000, guid: 76c392e42b5098c458856cdf6ecaaaa1, type: 3}
  m_Name: 
  m_EditorClassIdentifier: 
  m_FirstSelected: {fileID: 0}
  m_sendNavigationEvents: 1
  m_DragThreshold: 10
--- !u!4 &307076926
Transform:
  m_ObjectHideFlags: 0
  m_CorrespondingSourceObject: {fileID: 0}
  m_PrefabInstance: {fileID: 0}
  m_PrefabAsset: {fileID: 0}
  m_GameObject: {fileID: 307076923}
  m_LocalRotation: {x: 0, y: 0, z: 0, w: 1}
  m_LocalPosition: {x: 0, y: 0, z: 0}
  m_LocalScale: {x: 1, y: 1, z: 1}
  m_Children: []
  m_Father: {fileID: 0}
  m_RootOrder: 20
  m_LocalEulerAnglesHint: {x: 0, y: 0, z: 0}
--- !u!1001 &405344035
PrefabInstance:
  m_ObjectHideFlags: 0
  serializedVersion: 2
  m_Modification:
    m_TransformParent: {fileID: 0}
    m_Modifications:
    - target: {fileID: 2397745072249148428, guid: 546c2774df0570b49947291cdaa656b5, type: 3}
      propertyPath: m_Name
      value: "\u0441\u0448\u0438\u043F\u0438 (2)"
      objectReference: {fileID: 0}
    - target: {fileID: 3268541099042553982, guid: 546c2774df0570b49947291cdaa656b5, type: 3}
      propertyPath: m_RootOrder
      value: 2
      objectReference: {fileID: 0}
    - target: {fileID: 3268541099042553982, guid: 546c2774df0570b49947291cdaa656b5, type: 3}
      propertyPath: m_LocalScale.x
      value: 4.7437305
      objectReference: {fileID: 0}
    - target: {fileID: 3268541099042553982, guid: 546c2774df0570b49947291cdaa656b5, type: 3}
      propertyPath: m_LocalScale.y
      value: 0.00232965
      objectReference: {fileID: 0}
    - target: {fileID: 3268541099042553982, guid: 546c2774df0570b49947291cdaa656b5, type: 3}
      propertyPath: m_LocalPosition.x
      value: 3.2877
      objectReference: {fileID: 0}
    - target: {fileID: 3268541099042553982, guid: 546c2774df0570b49947291cdaa656b5, type: 3}
      propertyPath: m_LocalPosition.y
      value: -1.1705
      objectReference: {fileID: 0}
    - target: {fileID: 3268541099042553982, guid: 546c2774df0570b49947291cdaa656b5, type: 3}
      propertyPath: m_LocalPosition.z
      value: 0
      objectReference: {fileID: 0}
    - target: {fileID: 3268541099042553982, guid: 546c2774df0570b49947291cdaa656b5, type: 3}
      propertyPath: m_LocalRotation.w
      value: 1
      objectReference: {fileID: 0}
    - target: {fileID: 3268541099042553982, guid: 546c2774df0570b49947291cdaa656b5, type: 3}
      propertyPath: m_LocalRotation.x
      value: 0
      objectReference: {fileID: 0}
    - target: {fileID: 3268541099042553982, guid: 546c2774df0570b49947291cdaa656b5, type: 3}
      propertyPath: m_LocalRotation.y
      value: 0
      objectReference: {fileID: 0}
    - target: {fileID: 3268541099042553982, guid: 546c2774df0570b49947291cdaa656b5, type: 3}
      propertyPath: m_LocalRotation.z
      value: 0
      objectReference: {fileID: 0}
    - target: {fileID: 3268541099042553982, guid: 546c2774df0570b49947291cdaa656b5, type: 3}
      propertyPath: m_LocalEulerAnglesHint.x
      value: 0
      objectReference: {fileID: 0}
    - target: {fileID: 3268541099042553982, guid: 546c2774df0570b49947291cdaa656b5, type: 3}
      propertyPath: m_LocalEulerAnglesHint.y
      value: 0
      objectReference: {fileID: 0}
    - target: {fileID: 3268541099042553982, guid: 546c2774df0570b49947291cdaa656b5, type: 3}
      propertyPath: m_LocalEulerAnglesHint.z
      value: 0
      objectReference: {fileID: 0}
    - target: {fileID: 8314236210376673628, guid: 546c2774df0570b49947291cdaa656b5, type: 3}
      propertyPath: m_SortingLayer
      value: 2
      objectReference: {fileID: 0}
    - target: {fileID: 8314236210376673628, guid: 546c2774df0570b49947291cdaa656b5, type: 3}
      propertyPath: m_SortingLayerID
      value: -1443534975
      objectReference: {fileID: 0}
    m_RemovedComponents: []
  m_SourcePrefab: {fileID: 100100000, guid: 546c2774df0570b49947291cdaa656b5, type: 3}
--- !u!1 &555991309
GameObject:
  m_ObjectHideFlags: 0
  m_CorrespondingSourceObject: {fileID: 0}
  m_PrefabInstance: {fileID: 0}
  m_PrefabAsset: {fileID: 0}
  serializedVersion: 6
  m_Component:
  - component: {fileID: 555991311}
  - component: {fileID: 555991310}
  m_Layer: 0
  m_Name: Fon4ik
  m_TagString: Untagged
  m_Icon: {fileID: 0}
  m_NavMeshLayer: 0
  m_StaticEditorFlags: 0
  m_IsActive: 1
--- !u!212 &555991310
SpriteRenderer:
  m_ObjectHideFlags: 0
  m_CorrespondingSourceObject: {fileID: 0}
  m_PrefabInstance: {fileID: 0}
  m_PrefabAsset: {fileID: 0}
  m_GameObject: {fileID: 555991309}
  m_Enabled: 1
  m_CastShadows: 0
  m_ReceiveShadows: 0
  m_DynamicOccludee: 1
  m_MotionVectors: 1
  m_LightProbeUsage: 1
  m_ReflectionProbeUsage: 1
  m_RayTracingMode: 0
  m_RayTraceProcedural: 0
  m_RenderingLayerMask: 1
  m_RendererPriority: 0
  m_Materials:
  - {fileID: 10754, guid: 0000000000000000f000000000000000, type: 0}
  m_StaticBatchInfo:
    firstSubMesh: 0
    subMeshCount: 0
  m_StaticBatchRoot: {fileID: 0}
  m_ProbeAnchor: {fileID: 0}
  m_LightProbeVolumeOverride: {fileID: 0}
  m_ScaleInLightmap: 1
  m_ReceiveGI: 1
  m_PreserveUVs: 0
  m_IgnoreNormalsForChartDetection: 0
  m_ImportantGI: 0
  m_StitchLightmapSeams: 1
  m_SelectedEditorRenderState: 0
  m_MinimumChartSize: 4
  m_AutoUVMaxDistance: 0.5
  m_AutoUVMaxAngle: 89
  m_LightmapParameters: {fileID: 0}
  m_SortingLayerID: 1004452889
  m_SortingLayer: 1
  m_SortingOrder: 0
  m_Sprite: {fileID: 21300000, guid: d14a7e9ae11eebf43bf6184b5c7e657f, type: 3}
  m_Color: {r: 1, g: 1, b: 1, a: 1}
  m_FlipX: 0
  m_FlipY: 0
  m_DrawMode: 0
  m_Size: {x: 2.9, y: 1.74}
  m_AdaptiveModeThreshold: 0.5
  m_SpriteTileMode: 0
  m_WasSpriteAssigned: 1
  m_MaskInteraction: 0
  m_SpriteSortPoint: 0
--- !u!4 &555991311
Transform:
  m_ObjectHideFlags: 0
  m_CorrespondingSourceObject: {fileID: 0}
  m_PrefabInstance: {fileID: 0}
  m_PrefabAsset: {fileID: 0}
  m_GameObject: {fileID: 555991309}
  m_LocalRotation: {x: 0, y: 0, z: 0, w: 1}
  m_LocalPosition: {x: -1.86, y: 1.75, z: 0}
  m_LocalScale: {x: 10.414398, y: 6.3494973, z: 1}
  m_Children: []
  m_Father: {fileID: 0}
  m_RootOrder: 10
  m_LocalEulerAnglesHint: {x: 0, y: 0, z: 0}
--- !u!1 &697964477
GameObject:
  m_ObjectHideFlags: 0
  m_CorrespondingSourceObject: {fileID: 0}
  m_PrefabInstance: {fileID: 0}
  m_PrefabAsset: {fileID: 0}
  serializedVersion: 6
  m_Component:
  - component: {fileID: 697964479}
  - component: {fileID: 697964478}
  m_Layer: 0
  m_Name: Potolok
  m_TagString: Untagged
  m_Icon: {fileID: 0}
  m_NavMeshLayer: 0
  m_StaticEditorFlags: 0
  m_IsActive: 1
--- !u!212 &697964478
SpriteRenderer:
  m_ObjectHideFlags: 0
  m_CorrespondingSourceObject: {fileID: 0}
  m_PrefabInstance: {fileID: 0}
  m_PrefabAsset: {fileID: 0}
  m_GameObject: {fileID: 697964477}
  m_Enabled: 1
  m_CastShadows: 0
  m_ReceiveShadows: 0
  m_DynamicOccludee: 1
  m_MotionVectors: 1
  m_LightProbeUsage: 1
  m_ReflectionProbeUsage: 1
  m_RayTracingMode: 0
  m_RayTraceProcedural: 0
  m_RenderingLayerMask: 1
  m_RendererPriority: 0
  m_Materials:
  - {fileID: 10754, guid: 0000000000000000f000000000000000, type: 0}
  m_StaticBatchInfo:
    firstSubMesh: 0
    subMeshCount: 0
  m_StaticBatchRoot: {fileID: 0}
  m_ProbeAnchor: {fileID: 0}
  m_LightProbeVolumeOverride: {fileID: 0}
  m_ScaleInLightmap: 1
  m_ReceiveGI: 1
  m_PreserveUVs: 0
  m_IgnoreNormalsForChartDetection: 0
  m_ImportantGI: 0
  m_StitchLightmapSeams: 1
  m_SelectedEditorRenderState: 0
  m_MinimumChartSize: 4
  m_AutoUVMaxDistance: 0.5
  m_AutoUVMaxAngle: 89
  m_LightmapParameters: {fileID: 0}
  m_SortingLayerID: 0
  m_SortingLayer: 0
  m_SortingOrder: 0
  m_Sprite: {fileID: 21300000, guid: b317cf07704b6794dae7ae8749064d1e, type: 3}
  m_Color: {r: 1, g: 1, b: 1, a: 1}
  m_FlipX: 0
  m_FlipY: 0
  m_DrawMode: 0
  m_Size: {x: 5, y: 1.11}
  m_AdaptiveModeThreshold: 0.5
  m_SpriteTileMode: 0
  m_WasSpriteAssigned: 1
  m_MaskInteraction: 0
  m_SpriteSortPoint: 0
--- !u!4 &697964479
Transform:
  m_ObjectHideFlags: 0
  m_CorrespondingSourceObject: {fileID: 0}
  m_PrefabInstance: {fileID: 0}
  m_PrefabAsset: {fileID: 0}
  m_GameObject: {fileID: 697964477}
  m_LocalRotation: {x: 0, y: 0, z: 0, w: 1}
  m_LocalPosition: {x: -1.83, y: 6.52, z: 0}
  m_LocalScale: {x: 4.82447, y: 1.3633819, z: 1}
  m_Children:
  - {fileID: 1855533715}
  m_Father: {fileID: 0}
  m_RootOrder: 7
  m_LocalEulerAnglesHint: {x: 0, y: 0, z: 0}
--- !u!1001 &787005261
PrefabInstance:
  m_ObjectHideFlags: 0
  serializedVersion: 2
  m_Modification:
    m_TransformParent: {fileID: 0}
    m_Modifications:
    - target: {fileID: 680452304256193516, guid: 0689b351cff5af045a9b06f68f48ab9f, type: 3}
      propertyPath: m_Name
      value: Coin
      objectReference: {fileID: 0}
    - target: {fileID: 964148040020278684, guid: 0689b351cff5af045a9b06f68f48ab9f, type: 3}
      propertyPath: m_Radius
      value: 0.14448652
      objectReference: {fileID: 0}
    - target: {fileID: 964148040020278684, guid: 0689b351cff5af045a9b06f68f48ab9f, type: 3}
      propertyPath: m_Offset.y
      value: -0.01681838
      objectReference: {fileID: 0}
    - target: {fileID: 2835074697839672949, guid: 0689b351cff5af045a9b06f68f48ab9f, type: 3}
      propertyPath: m_RootOrder
      value: 3
      objectReference: {fileID: 0}
    - target: {fileID: 2835074697839672949, guid: 0689b351cff5af045a9b06f68f48ab9f, type: 3}
      propertyPath: m_LocalScale.x
      value: 3.6656
      objectReference: {fileID: 0}
    - target: {fileID: 2835074697839672949, guid: 0689b351cff5af045a9b06f68f48ab9f, type: 3}
      propertyPath: m_LocalScale.y
      value: 3.3811953
      objectReference: {fileID: 0}
    - target: {fileID: 2835074697839672949, guid: 0689b351cff5af045a9b06f68f48ab9f, type: 3}
      propertyPath: m_LocalPosition.x
      value: -4.0178
      objectReference: {fileID: 0}
    - target: {fileID: 2835074697839672949, guid: 0689b351cff5af045a9b06f68f48ab9f, type: 3}
      propertyPath: m_LocalPosition.y
      value: 4.271
      objectReference: {fileID: 0}
    - target: {fileID: 2835074697839672949, guid: 0689b351cff5af045a9b06f68f48ab9f, type: 3}
      propertyPath: m_LocalPosition.z
      value: 0
      objectReference: {fileID: 0}
    - target: {fileID: 2835074697839672949, guid: 0689b351cff5af045a9b06f68f48ab9f, type: 3}
      propertyPath: m_LocalRotation.w
      value: 1
      objectReference: {fileID: 0}
    - target: {fileID: 2835074697839672949, guid: 0689b351cff5af045a9b06f68f48ab9f, type: 3}
      propertyPath: m_LocalRotation.x
      value: 0
      objectReference: {fileID: 0}
    - target: {fileID: 2835074697839672949, guid: 0689b351cff5af045a9b06f68f48ab9f, type: 3}
      propertyPath: m_LocalRotation.y
      value: 0
      objectReference: {fileID: 0}
    - target: {fileID: 2835074697839672949, guid: 0689b351cff5af045a9b06f68f48ab9f, type: 3}
      propertyPath: m_LocalRotation.z
      value: 0
      objectReference: {fileID: 0}
    - target: {fileID: 2835074697839672949, guid: 0689b351cff5af045a9b06f68f48ab9f, type: 3}
      propertyPath: m_LocalEulerAnglesHint.x
      value: 0
      objectReference: {fileID: 0}
    - target: {fileID: 2835074697839672949, guid: 0689b351cff5af045a9b06f68f48ab9f, type: 3}
      propertyPath: m_LocalEulerAnglesHint.y
      value: 0
      objectReference: {fileID: 0}
    - target: {fileID: 2835074697839672949, guid: 0689b351cff5af045a9b06f68f48ab9f, type: 3}
      propertyPath: m_LocalEulerAnglesHint.z
      value: 0
      objectReference: {fileID: 0}
    m_RemovedComponents: []
  m_SourcePrefab: {fileID: 100100000, guid: 0689b351cff5af045a9b06f68f48ab9f, type: 3}
--- !u!1001 &954422804
PrefabInstance:
  m_ObjectHideFlags: 0
  serializedVersion: 2
  m_Modification:
    m_TransformParent: {fileID: 0}
    m_Modifications:
    - target: {fileID: 2397745072249148428, guid: 546c2774df0570b49947291cdaa656b5, type: 3}
      propertyPath: m_Name
      value: "\u0441\u0448\u0438\u043F\u0438 (3)"
      objectReference: {fileID: 0}
    - target: {fileID: 3268541099042553982, guid: 546c2774df0570b49947291cdaa656b5, type: 3}
      propertyPath: m_RootOrder
      value: 1
      objectReference: {fileID: 0}
    - target: {fileID: 3268541099042553982, guid: 546c2774df0570b49947291cdaa656b5, type: 3}
      propertyPath: m_LocalScale.x
      value: 0.34530836
      objectReference: {fileID: 0}
    - target: {fileID: 3268541099042553982, guid: 546c2774df0570b49947291cdaa656b5, type: 3}
      propertyPath: m_LocalScale.y
      value: 0.33206436
      objectReference: {fileID: 0}
    - target: {fileID: 3268541099042553982, guid: 546c2774df0570b49947291cdaa656b5, type: 3}
      propertyPath: m_LocalPosition.x
      value: 6.1292
      objectReference: {fileID: 0}
    - target: {fileID: 3268541099042553982, guid: 546c2774df0570b49947291cdaa656b5, type: 3}
      propertyPath: m_LocalPosition.y
      value: 3.7033
      objectReference: {fileID: 0}
    - target: {fileID: 3268541099042553982, guid: 546c2774df0570b49947291cdaa656b5, type: 3}
      propertyPath: m_LocalPosition.z
      value: 0
      objectReference: {fileID: 0}
    - target: {fileID: 3268541099042553982, guid: 546c2774df0570b49947291cdaa656b5, type: 3}
      propertyPath: m_LocalRotation.w
      value: 1
      objectReference: {fileID: 0}
    - target: {fileID: 3268541099042553982, guid: 546c2774df0570b49947291cdaa656b5, type: 3}
      propertyPath: m_LocalRotation.x
      value: 0
      objectReference: {fileID: 0}
    - target: {fileID: 3268541099042553982, guid: 546c2774df0570b49947291cdaa656b5, type: 3}
      propertyPath: m_LocalRotation.y
      value: 0
      objectReference: {fileID: 0}
    - target: {fileID: 3268541099042553982, guid: 546c2774df0570b49947291cdaa656b5, type: 3}
      propertyPath: m_LocalRotation.z
      value: 0
      objectReference: {fileID: 0}
    - target: {fileID: 3268541099042553982, guid: 546c2774df0570b49947291cdaa656b5, type: 3}
      propertyPath: m_LocalEulerAnglesHint.x
      value: 0
      objectReference: {fileID: 0}
    - target: {fileID: 3268541099042553982, guid: 546c2774df0570b49947291cdaa656b5, type: 3}
      propertyPath: m_LocalEulerAnglesHint.y
      value: 0
      objectReference: {fileID: 0}
    - target: {fileID: 3268541099042553982, guid: 546c2774df0570b49947291cdaa656b5, type: 3}
      propertyPath: m_LocalEulerAnglesHint.z
      value: 0
      objectReference: {fileID: 0}
    - target: {fileID: 8314236210376673628, guid: 546c2774df0570b49947291cdaa656b5, type: 3}
      propertyPath: m_SortingLayer
      value: 2
      objectReference: {fileID: 0}
    - target: {fileID: 8314236210376673628, guid: 546c2774df0570b49947291cdaa656b5, type: 3}
      propertyPath: m_SortingLayerID
      value: -1443534975
      objectReference: {fileID: 0}
    m_RemovedComponents: []
  m_SourcePrefab: {fileID: 100100000, guid: 546c2774df0570b49947291cdaa656b5, type: 3}
--- !u!1001 &981705895
PrefabInstance:
  m_ObjectHideFlags: 0
  serializedVersion: 2
  m_Modification:
    m_TransformParent: {fileID: 0}
    m_Modifications:
    - target: {fileID: 680452304256193516, guid: 0689b351cff5af045a9b06f68f48ab9f, type: 3}
      propertyPath: m_Name
      value: Coin (2)
      objectReference: {fileID: 0}
    - target: {fileID: 680452304256193516, guid: 0689b351cff5af045a9b06f68f48ab9f, type: 3}
      propertyPath: m_Layer
      value: 9
      objectReference: {fileID: 0}
    - target: {fileID: 964148040020278684, guid: 0689b351cff5af045a9b06f68f48ab9f, type: 3}
      propertyPath: m_Radius
      value: 0.14448652
      objectReference: {fileID: 0}
    - target: {fileID: 964148040020278684, guid: 0689b351cff5af045a9b06f68f48ab9f, type: 3}
      propertyPath: m_Offset.y
      value: -0.01681838
      objectReference: {fileID: 0}
    - target: {fileID: 2835074697839672949, guid: 0689b351cff5af045a9b06f68f48ab9f, type: 3}
      propertyPath: m_RootOrder
      value: 18
      objectReference: {fileID: 0}
    - target: {fileID: 2835074697839672949, guid: 0689b351cff5af045a9b06f68f48ab9f, type: 3}
      propertyPath: m_LocalScale.x
      value: 3.6656
      objectReference: {fileID: 0}
    - target: {fileID: 2835074697839672949, guid: 0689b351cff5af045a9b06f68f48ab9f, type: 3}
      propertyPath: m_LocalScale.y
      value: 3.3811953
      objectReference: {fileID: 0}
    - target: {fileID: 2835074697839672949, guid: 0689b351cff5af045a9b06f68f48ab9f, type: 3}
      propertyPath: m_LocalPosition.x
      value: -0.36
      objectReference: {fileID: 0}
    - target: {fileID: 2835074697839672949, guid: 0689b351cff5af045a9b06f68f48ab9f, type: 3}
      propertyPath: m_LocalPosition.y
      value: 2.48
      objectReference: {fileID: 0}
    - target: {fileID: 2835074697839672949, guid: 0689b351cff5af045a9b06f68f48ab9f, type: 3}
      propertyPath: m_LocalPosition.z
      value: 0
      objectReference: {fileID: 0}
    - target: {fileID: 2835074697839672949, guid: 0689b351cff5af045a9b06f68f48ab9f, type: 3}
      propertyPath: m_LocalRotation.w
      value: 1
      objectReference: {fileID: 0}
    - target: {fileID: 2835074697839672949, guid: 0689b351cff5af045a9b06f68f48ab9f, type: 3}
      propertyPath: m_LocalRotation.x
      value: 0
      objectReference: {fileID: 0}
    - target: {fileID: 2835074697839672949, guid: 0689b351cff5af045a9b06f68f48ab9f, type: 3}
      propertyPath: m_LocalRotation.y
      value: 0
      objectReference: {fileID: 0}
    - target: {fileID: 2835074697839672949, guid: 0689b351cff5af045a9b06f68f48ab9f, type: 3}
      propertyPath: m_LocalRotation.z
      value: 0
      objectReference: {fileID: 0}
    - target: {fileID: 2835074697839672949, guid: 0689b351cff5af045a9b06f68f48ab9f, type: 3}
      propertyPath: m_LocalEulerAnglesHint.x
      value: 0
      objectReference: {fileID: 0}
    - target: {fileID: 2835074697839672949, guid: 0689b351cff5af045a9b06f68f48ab9f, type: 3}
      propertyPath: m_LocalEulerAnglesHint.y
      value: 0
      objectReference: {fileID: 0}
    - target: {fileID: 2835074697839672949, guid: 0689b351cff5af045a9b06f68f48ab9f, type: 3}
      propertyPath: m_LocalEulerAnglesHint.z
      value: 0
      objectReference: {fileID: 0}
    m_RemovedComponents: []
  m_SourcePrefab: {fileID: 100100000, guid: 0689b351cff5af045a9b06f68f48ab9f, type: 3}
--- !u!1 &993738614 stripped
GameObject:
  m_CorrespondingSourceObject: {fileID: 2397745072249148428, guid: 546c2774df0570b49947291cdaa656b5, type: 3}
  m_PrefabInstance: {fileID: 405344035}
  m_PrefabAsset: {fileID: 0}
--- !u!114 &993738618
MonoBehaviour:
  m_ObjectHideFlags: 0
  m_CorrespondingSourceObject: {fileID: 0}
  m_PrefabInstance: {fileID: 0}
  m_PrefabAsset: {fileID: 0}
  m_GameObject: {fileID: 993738614}
  m_Enabled: 1
  m_EditorHideFlags: 0
  m_Script: {fileID: 11500000, guid: 4026ff9bb5e749e48a578da3b492f61d, type: 3}
  m_Name: 
  m_EditorClassIdentifier: 
  delay: 1
--- !u!1 &1046199430
GameObject:
  m_ObjectHideFlags: 0
  m_CorrespondingSourceObject: {fileID: 0}
  m_PrefabInstance: {fileID: 0}
  m_PrefabAsset: {fileID: 0}
  serializedVersion: 6
  m_Component:
  - component: {fileID: 1046199432}
  - component: {fileID: 1046199431}
  m_Layer: 0
  m_Name: koin (1)
  m_TagString: Untagged
  m_Icon: {fileID: 0}
  m_NavMeshLayer: 0
  m_StaticEditorFlags: 0
  m_IsActive: 1
--- !u!212 &1046199431
SpriteRenderer:
  m_ObjectHideFlags: 0
  m_CorrespondingSourceObject: {fileID: 0}
  m_PrefabInstance: {fileID: 0}
  m_PrefabAsset: {fileID: 0}
  m_GameObject: {fileID: 1046199430}
  m_Enabled: 1
  m_CastShadows: 0
  m_ReceiveShadows: 0
  m_DynamicOccludee: 1
  m_MotionVectors: 1
  m_LightProbeUsage: 1
  m_ReflectionProbeUsage: 1
  m_RayTracingMode: 0
  m_RayTraceProcedural: 0
  m_RenderingLayerMask: 1
  m_RendererPriority: 0
  m_Materials:
  - {fileID: 10754, guid: 0000000000000000f000000000000000, type: 0}
  m_StaticBatchInfo:
    firstSubMesh: 0
    subMeshCount: 0
  m_StaticBatchRoot: {fileID: 0}
  m_ProbeAnchor: {fileID: 0}
  m_LightProbeVolumeOverride: {fileID: 0}
  m_ScaleInLightmap: 1
  m_ReceiveGI: 1
  m_PreserveUVs: 0
  m_IgnoreNormalsForChartDetection: 0
  m_ImportantGI: 0
  m_StitchLightmapSeams: 1
  m_SelectedEditorRenderState: 0
  m_MinimumChartSize: 4
  m_AutoUVMaxDistance: 0.5
  m_AutoUVMaxAngle: 89
  m_LightmapParameters: {fileID: 0}
  m_SortingLayerID: 0
  m_SortingLayer: 0
  m_SortingOrder: 0
  m_Sprite: {fileID: 21300000, guid: 983b04124cc98ac429e746b53f4d13bb, type: 3}
  m_Color: {r: 1, g: 1, b: 1, a: 1}
  m_FlipX: 0
  m_FlipY: 0
  m_DrawMode: 0
  m_Size: {x: 9, y: 9}
  m_AdaptiveModeThreshold: 0.5
  m_SpriteTileMode: 0
  m_WasSpriteAssigned: 0
  m_MaskInteraction: 0
  m_SpriteSortPoint: 0
--- !u!4 &1046199432
Transform:
  m_ObjectHideFlags: 0
  m_CorrespondingSourceObject: {fileID: 0}
  m_PrefabInstance: {fileID: 0}
  m_PrefabAsset: {fileID: 0}
  m_GameObject: {fileID: 1046199430}
  m_LocalRotation: {x: 0, y: 0, z: 0, w: 1}
  m_LocalPosition: {x: -16.290457, y: 5.6085978, z: 0}
  m_LocalScale: {x: 1, y: 1, z: 1}
  m_Children: []
  m_Father: {fileID: 0}
  m_RootOrder: 15
  m_LocalEulerAnglesHint: {x: 0, y: 0, z: 0}
--- !u!1 &1323442873 stripped
GameObject:
  m_CorrespondingSourceObject: {fileID: 2397745072249148428, guid: 546c2774df0570b49947291cdaa656b5, type: 3}
  m_PrefabInstance: {fileID: 3737712590878643128}
  m_PrefabAsset: {fileID: 0}
--- !u!61 &1323442877
BoxCollider2D:
  m_ObjectHideFlags: 0
  m_CorrespondingSourceObject: {fileID: 0}
  m_PrefabInstance: {fileID: 0}
  m_PrefabAsset: {fileID: 0}
  m_GameObject: {fileID: 1323442873}
  m_Enabled: 1
  m_Density: 1
  m_Material: {fileID: 0}
  m_IsTrigger: 1
  m_UsedByEffector: 0
  m_UsedByComposite: 0
  m_Offset: {x: 0, y: 0}
  m_SpriteTilingProperty:
    border: {x: 0, y: 0, z: 0, w: 0}
    pivot: {x: 0.5, y: 0.5}
    oldSize: {x: 8.62, y: 3.6}
    newSize: {x: 8.62, y: 3.6}
    adaptiveTilingThreshold: 0.5
    drawMode: 0
    adaptiveTiling: 0
  m_AutoTiling: 0
  serializedVersion: 2
  m_Size: {x: 8.62, y: 3.6}
  m_EdgeRadius: 0
--- !u!114 &1323442878
MonoBehaviour:
  m_ObjectHideFlags: 0
  m_CorrespondingSourceObject: {fileID: 0}
  m_PrefabInstance: {fileID: 0}
  m_PrefabAsset: {fileID: 0}
  m_GameObject: {fileID: 1323442873}
  m_Enabled: 1
  m_EditorHideFlags: 0
  m_Script: {fileID: 11500000, guid: 4026ff9bb5e749e48a578da3b492f61d, type: 3}
  m_Name: 
  m_EditorClassIdentifier: 
  delay: 1
--- !u!1001 &1474227379
PrefabInstance:
  m_ObjectHideFlags: 0
  serializedVersion: 2
  m_Modification:
    m_TransformParent: {fileID: 0}
    m_Modifications:
    - target: {fileID: 6139348120522770097, guid: 8c24b9383b59ecf469ad75170549a344, type: 3}
      propertyPath: m_RootOrder
      value: 4
      objectReference: {fileID: 0}
    - target: {fileID: 6139348120522770097, guid: 8c24b9383b59ecf469ad75170549a344, type: 3}
      propertyPath: m_LocalScale.x
      value: 1.982495
      objectReference: {fileID: 0}
    - target: {fileID: 6139348120522770097, guid: 8c24b9383b59ecf469ad75170549a344, type: 3}
      propertyPath: m_LocalScale.y
      value: 1.4014268
      objectReference: {fileID: 0}
    - target: {fileID: 6139348120522770097, guid: 8c24b9383b59ecf469ad75170549a344, type: 3}
      propertyPath: m_LocalPosition.x
      value: -4.27
      objectReference: {fileID: 0}
    - target: {fileID: 6139348120522770097, guid: 8c24b9383b59ecf469ad75170549a344, type: 3}
      propertyPath: m_LocalPosition.y
      value: 2.72
      objectReference: {fileID: 0}
    - target: {fileID: 6139348120522770097, guid: 8c24b9383b59ecf469ad75170549a344, type: 3}
      propertyPath: m_LocalPosition.z
      value: 0
      objectReference: {fileID: 0}
    - target: {fileID: 6139348120522770097, guid: 8c24b9383b59ecf469ad75170549a344, type: 3}
      propertyPath: m_LocalRotation.w
      value: 0.9973884
      objectReference: {fileID: 0}
    - target: {fileID: 6139348120522770097, guid: 8c24b9383b59ecf469ad75170549a344, type: 3}
      propertyPath: m_LocalRotation.x
      value: -0
      objectReference: {fileID: 0}
    - target: {fileID: 6139348120522770097, guid: 8c24b9383b59ecf469ad75170549a344, type: 3}
      propertyPath: m_LocalRotation.y
      value: -0
      objectReference: {fileID: 0}
    - target: {fileID: 6139348120522770097, guid: 8c24b9383b59ecf469ad75170549a344, type: 3}
      propertyPath: m_LocalRotation.z
      value: 0.07222551
      objectReference: {fileID: 0}
    - target: {fileID: 6139348120522770097, guid: 8c24b9383b59ecf469ad75170549a344, type: 3}
      propertyPath: m_LocalEulerAnglesHint.x
      value: 0
      objectReference: {fileID: 0}
    - target: {fileID: 6139348120522770097, guid: 8c24b9383b59ecf469ad75170549a344, type: 3}
      propertyPath: m_LocalEulerAnglesHint.y
      value: 0
      objectReference: {fileID: 0}
    - target: {fileID: 6139348120522770097, guid: 8c24b9383b59ecf469ad75170549a344, type: 3}
      propertyPath: m_LocalEulerAnglesHint.z
      value: 8.284
      objectReference: {fileID: 0}
    - target: {fileID: 7586663659576507135, guid: 8c24b9383b59ecf469ad75170549a344, type: 3}
      propertyPath: m_Size.x
      value: 1.5477394
      objectReference: {fileID: 0}
    - target: {fileID: 7586663659576507135, guid: 8c24b9383b59ecf469ad75170549a344, type: 3}
      propertyPath: m_Size.y
      value: 0.75171864
      objectReference: {fileID: 0}
    - target: {fileID: 7586663659576507135, guid: 8c24b9383b59ecf469ad75170549a344, type: 3}
      propertyPath: m_Offset.x
      value: 0.02832228
      objectReference: {fileID: 0}
    - target: {fileID: 7586663659576507135, guid: 8c24b9383b59ecf469ad75170549a344, type: 3}
      propertyPath: m_Offset.y
      value: -0.030590594
      objectReference: {fileID: 0}
    - target: {fileID: 7683346984876803330, guid: 8c24b9383b59ecf469ad75170549a344, type: 3}
      propertyPath: m_Name
      value: Platform 3 (1)
      objectReference: {fileID: 0}
    m_RemovedComponents: []
  m_SourcePrefab: {fileID: 100100000, guid: 8c24b9383b59ecf469ad75170549a344, type: 3}
--- !u!1 &1540095883
GameObject:
  m_ObjectHideFlags: 0
  m_CorrespondingSourceObject: {fileID: 0}
  m_PrefabInstance: {fileID: 0}
  m_PrefabAsset: {fileID: 0}
  serializedVersion: 6
  m_Component:
  - component: {fileID: 1540095885}
  - component: {fileID: 1540095884}
  - component: {fileID: 1540095886}
  m_Layer: 0
  m_Name: Poles
  m_TagString: Untagged
  m_Icon: {fileID: 0}
  m_NavMeshLayer: 0
  m_StaticEditorFlags: 0
  m_IsActive: 1
--- !u!212 &1540095884
SpriteRenderer:
  m_ObjectHideFlags: 0
  m_CorrespondingSourceObject: {fileID: 0}
  m_PrefabInstance: {fileID: 0}
  m_PrefabAsset: {fileID: 0}
  m_GameObject: {fileID: 1540095883}
  m_Enabled: 1
  m_CastShadows: 0
  m_ReceiveShadows: 0
  m_DynamicOccludee: 1
  m_MotionVectors: 1
  m_LightProbeUsage: 1
  m_ReflectionProbeUsage: 1
  m_RayTracingMode: 0
  m_RayTraceProcedural: 0
  m_RenderingLayerMask: 1
  m_RendererPriority: 0
  m_Materials:
  - {fileID: 10754, guid: 0000000000000000f000000000000000, type: 0}
  m_StaticBatchInfo:
    firstSubMesh: 0
    subMeshCount: 0
  m_StaticBatchRoot: {fileID: 0}
  m_ProbeAnchor: {fileID: 0}
  m_LightProbeVolumeOverride: {fileID: 0}
  m_ScaleInLightmap: 1
  m_ReceiveGI: 1
  m_PreserveUVs: 0
  m_IgnoreNormalsForChartDetection: 0
  m_ImportantGI: 0
  m_StitchLightmapSeams: 1
  m_SelectedEditorRenderState: 0
  m_MinimumChartSize: 4
  m_AutoUVMaxDistance: 0.5
  m_AutoUVMaxAngle: 89
  m_LightmapParameters: {fileID: 0}
  m_SortingLayerID: 0
  m_SortingLayer: 0
  m_SortingOrder: 0
  m_Sprite: {fileID: 21300000, guid: 0127734b1e101da44aa50c2378e2936c, type: 3}
  m_Color: {r: 1, g: 1, b: 1, a: 1}
  m_FlipX: 0
  m_FlipY: 0
  m_DrawMode: 0
  m_Size: {x: 0.99, y: 0.22}
  m_AdaptiveModeThreshold: 0.5
  m_SpriteTileMode: 0
  m_WasSpriteAssigned: 1
  m_MaskInteraction: 0
  m_SpriteSortPoint: 0
--- !u!4 &1540095885
Transform:
  m_ObjectHideFlags: 0
  m_CorrespondingSourceObject: {fileID: 0}
  m_PrefabInstance: {fileID: 0}
  m_PrefabAsset: {fileID: 0}
  m_GameObject: {fileID: 1540095883}
  m_LocalRotation: {x: 0, y: 0, z: 0, w: 1}
  m_LocalPosition: {x: -1.4898, y: -2.304, z: 0}
  m_LocalScale: {x: 29.685099, y: 11.219986, z: 1}
  m_Children: []
  m_Father: {fileID: 0}
  m_RootOrder: 5
  m_LocalEulerAnglesHint: {x: 0, y: 0, z: 0}
--- !u!61 &1540095886
BoxCollider2D:
  m_ObjectHideFlags: 0
  m_CorrespondingSourceObject: {fileID: 0}
  m_PrefabInstance: {fileID: 0}
  m_PrefabAsset: {fileID: 0}
  m_GameObject: {fileID: 1540095883}
  m_Enabled: 1
  m_Density: 1
  m_Material: {fileID: 0}
  m_IsTrigger: 0
  m_UsedByEffector: 0
  m_UsedByComposite: 0
  m_Offset: {x: 0, y: 0}
  m_SpriteTilingProperty:
    border: {x: 0, y: 0, z: 0, w: 0}
    pivot: {x: 0.5, y: 0.5}
    oldSize: {x: 0.99, y: 0.22}
    newSize: {x: 0.99, y: 0.22}
    adaptiveTilingThreshold: 0.5
    drawMode: 0
    adaptiveTiling: 0
  m_AutoTiling: 0
  serializedVersion: 2
  m_Size: {x: 0.99, y: 0.22}
  m_EdgeRadius: 0
--- !u!1001 &1627135097
PrefabInstance:
  m_ObjectHideFlags: 0
  serializedVersion: 2
  m_Modification:
    m_TransformParent: {fileID: 0}
    m_Modifications:
    - target: {fileID: 6139348120522770097, guid: 8c24b9383b59ecf469ad75170549a344, type: 3}
      propertyPath: m_RootOrder
      value: 6
      objectReference: {fileID: 0}
    - target: {fileID: 6139348120522770097, guid: 8c24b9383b59ecf469ad75170549a344, type: 3}
      propertyPath: m_LocalScale.x
      value: 2.2271
      objectReference: {fileID: 0}
    - target: {fileID: 6139348120522770097, guid: 8c24b9383b59ecf469ad75170549a344, type: 3}
      propertyPath: m_LocalScale.y
      value: 1.1601194
      objectReference: {fileID: 0}
    - target: {fileID: 6139348120522770097, guid: 8c24b9383b59ecf469ad75170549a344, type: 3}
      propertyPath: m_LocalPosition.x
      value: -12.5
      objectReference: {fileID: 0}
    - target: {fileID: 6139348120522770097, guid: 8c24b9383b59ecf469ad75170549a344, type: 3}
      propertyPath: m_LocalPosition.y
      value: 2.89
      objectReference: {fileID: 0}
    - target: {fileID: 6139348120522770097, guid: 8c24b9383b59ecf469ad75170549a344, type: 3}
      propertyPath: m_LocalPosition.z
      value: 0
      objectReference: {fileID: 0}
    - target: {fileID: 6139348120522770097, guid: 8c24b9383b59ecf469ad75170549a344, type: 3}
      propertyPath: m_LocalRotation.w
      value: 0.99997014
      objectReference: {fileID: 0}
    - target: {fileID: 6139348120522770097, guid: 8c24b9383b59ecf469ad75170549a344, type: 3}
      propertyPath: m_LocalRotation.x
      value: -0
      objectReference: {fileID: 0}
    - target: {fileID: 6139348120522770097, guid: 8c24b9383b59ecf469ad75170549a344, type: 3}
      propertyPath: m_LocalRotation.y
      value: -0
      objectReference: {fileID: 0}
    - target: {fileID: 6139348120522770097, guid: 8c24b9383b59ecf469ad75170549a344, type: 3}
      propertyPath: m_LocalRotation.z
      value: 0.0077266204
      objectReference: {fileID: 0}
    - target: {fileID: 6139348120522770097, guid: 8c24b9383b59ecf469ad75170549a344, type: 3}
      propertyPath: m_LocalEulerAnglesHint.x
      value: 0
      objectReference: {fileID: 0}
    - target: {fileID: 6139348120522770097, guid: 8c24b9383b59ecf469ad75170549a344, type: 3}
      propertyPath: m_LocalEulerAnglesHint.y
      value: 0
      objectReference: {fileID: 0}
    - target: {fileID: 6139348120522770097, guid: 8c24b9383b59ecf469ad75170549a344, type: 3}
      propertyPath: m_LocalEulerAnglesHint.z
      value: 0.885
      objectReference: {fileID: 0}
    - target: {fileID: 7586663659576507135, guid: 8c24b9383b59ecf469ad75170549a344, type: 3}
      propertyPath: m_Size.x
      value: 1.7629458
      objectReference: {fileID: 0}
    - target: {fileID: 7586663659576507135, guid: 8c24b9383b59ecf469ad75170549a344, type: 3}
      propertyPath: m_Size.y
      value: 0.98556876
      objectReference: {fileID: 0}
    - target: {fileID: 7586663659576507135, guid: 8c24b9383b59ecf469ad75170549a344, type: 3}
      propertyPath: m_Offset.x
      value: -0.08158058
      objectReference: {fileID: 0}
    - target: {fileID: 7586663659576507135, guid: 8c24b9383b59ecf469ad75170549a344, type: 3}
      propertyPath: m_Offset.y
      value: -0.17307436
      objectReference: {fileID: 0}
    - target: {fileID: 7683346984876803330, guid: 8c24b9383b59ecf469ad75170549a344, type: 3}
      propertyPath: m_Name
      value: Platform 3 (4)
      objectReference: {fileID: 0}
    m_RemovedComponents: []
  m_SourcePrefab: {fileID: 100100000, guid: 8c24b9383b59ecf469ad75170549a344, type: 3}
--- !u!1001 &1855533714
PrefabInstance:
  m_ObjectHideFlags: 0
  serializedVersion: 2
  m_Modification:
    m_TransformParent: {fileID: 697964479}
    m_Modifications:
    - target: {fileID: 6139348120522770097, guid: 8c24b9383b59ecf469ad75170549a344, type: 3}
      propertyPath: m_RootOrder
      value: 0
      objectReference: {fileID: 0}
    - target: {fileID: 6139348120522770097, guid: 8c24b9383b59ecf469ad75170549a344, type: 3}
      propertyPath: m_LocalScale.x
      value: 0.5051345
      objectReference: {fileID: 0}
    - target: {fileID: 6139348120522770097, guid: 8c24b9383b59ecf469ad75170549a344, type: 3}
      propertyPath: m_LocalScale.y
      value: 1.2330848
      objectReference: {fileID: 0}
    - target: {fileID: 6139348120522770097, guid: 8c24b9383b59ecf469ad75170549a344, type: 3}
      propertyPath: m_LocalPosition.x
      value: 1.4074084
      objectReference: {fileID: 0}
    - target: {fileID: 6139348120522770097, guid: 8c24b9383b59ecf469ad75170549a344, type: 3}
      propertyPath: m_LocalPosition.y
      value: -3.2639422
      objectReference: {fileID: 0}
    - target: {fileID: 6139348120522770097, guid: 8c24b9383b59ecf469ad75170549a344, type: 3}
      propertyPath: m_LocalPosition.z
      value: 0
      objectReference: {fileID: 0}
    - target: {fileID: 6139348120522770097, guid: 8c24b9383b59ecf469ad75170549a344, type: 3}
      propertyPath: m_LocalRotation.w
      value: 1
      objectReference: {fileID: 0}
    - target: {fileID: 6139348120522770097, guid: 8c24b9383b59ecf469ad75170549a344, type: 3}
      propertyPath: m_LocalRotation.x
      value: -0
      objectReference: {fileID: 0}
    - target: {fileID: 6139348120522770097, guid: 8c24b9383b59ecf469ad75170549a344, type: 3}
      propertyPath: m_LocalRotation.y
      value: -0
      objectReference: {fileID: 0}
    - target: {fileID: 6139348120522770097, guid: 8c24b9383b59ecf469ad75170549a344, type: 3}
      propertyPath: m_LocalRotation.z
      value: -0
      objectReference: {fileID: 0}
    - target: {fileID: 6139348120522770097, guid: 8c24b9383b59ecf469ad75170549a344, type: 3}
      propertyPath: m_LocalEulerAnglesHint.x
      value: 0
      objectReference: {fileID: 0}
    - target: {fileID: 6139348120522770097, guid: 8c24b9383b59ecf469ad75170549a344, type: 3}
      propertyPath: m_LocalEulerAnglesHint.y
      value: 0
      objectReference: {fileID: 0}
    - target: {fileID: 6139348120522770097, guid: 8c24b9383b59ecf469ad75170549a344, type: 3}
      propertyPath: m_LocalEulerAnglesHint.z
      value: 0
      objectReference: {fileID: 0}
    - target: {fileID: 7586663659576507135, guid: 8c24b9383b59ecf469ad75170549a344, type: 3}
      propertyPath: m_Size.x
      value: 1.6176783
      objectReference: {fileID: 0}
    - target: {fileID: 7586663659576507135, guid: 8c24b9383b59ecf469ad75170549a344, type: 3}
      propertyPath: m_Size.y
      value: 0.9571742
      objectReference: {fileID: 0}
    - target: {fileID: 7586663659576507135, guid: 8c24b9383b59ecf469ad75170549a344, type: 3}
      propertyPath: m_Offset.x
      value: -0.085915625
      objectReference: {fileID: 0}
    - target: {fileID: 7586663659576507135, guid: 8c24b9383b59ecf469ad75170549a344, type: 3}
      propertyPath: m_Offset.y
      value: -0.13433594
      objectReference: {fileID: 0}
    - target: {fileID: 7683346984876803330, guid: 8c24b9383b59ecf469ad75170549a344, type: 3}
      propertyPath: m_Name
      value: Platform 3 (3)
      objectReference: {fileID: 0}
    m_RemovedComponents: []
  m_SourcePrefab: {fileID: 100100000, guid: 8c24b9383b59ecf469ad75170549a344, type: 3}
--- !u!4 &1855533715 stripped
Transform:
  m_CorrespondingSourceObject: {fileID: 6139348120522770097, guid: 8c24b9383b59ecf469ad75170549a344, type: 3}
  m_PrefabInstance: {fileID: 1855533714}
  m_PrefabAsset: {fileID: 0}
--- !u!1001 &1885169335
PrefabInstance:
  m_ObjectHideFlags: 0
  serializedVersion: 2
  m_Modification:
    m_TransformParent: {fileID: 0}
    m_Modifications:
    - target: {fileID: 680452304256193516, guid: 0689b351cff5af045a9b06f68f48ab9f, type: 3}
      propertyPath: m_Name
      value: Coin (1)
      objectReference: {fileID: 0}
    - target: {fileID: 964148040020278684, guid: 0689b351cff5af045a9b06f68f48ab9f, type: 3}
      propertyPath: m_Radius
      value: 0.14448652
      objectReference: {fileID: 0}
    - target: {fileID: 964148040020278684, guid: 0689b351cff5af045a9b06f68f48ab9f, type: 3}
      propertyPath: m_Offset.y
      value: -0.01681838
      objectReference: {fileID: 0}
    - target: {fileID: 2835074697839672949, guid: 0689b351cff5af045a9b06f68f48ab9f, type: 3}
      propertyPath: m_RootOrder
      value: 16
      objectReference: {fileID: 0}
    - target: {fileID: 2835074697839672949, guid: 0689b351cff5af045a9b06f68f48ab9f, type: 3}
      propertyPath: m_LocalScale.x
      value: 3.6655998
      objectReference: {fileID: 0}
    - target: {fileID: 2835074697839672949, guid: 0689b351cff5af045a9b06f68f48ab9f, type: 3}
      propertyPath: m_LocalScale.y
      value: 3.381195
      objectReference: {fileID: 0}
    - target: {fileID: 2835074697839672949, guid: 0689b351cff5af045a9b06f68f48ab9f, type: 3}
      propertyPath: m_LocalScale.z
      value: 1
      objectReference: {fileID: 0}
    - target: {fileID: 2835074697839672949, guid: 0689b351cff5af045a9b06f68f48ab9f, type: 3}
      propertyPath: m_LocalPosition.x
      value: 3.6099854
      objectReference: {fileID: 0}
    - target: {fileID: 2835074697839672949, guid: 0689b351cff5af045a9b06f68f48ab9f, type: 3}
      propertyPath: m_LocalPosition.y
      value: 3.8399963
      objectReference: {fileID: 0}
    - target: {fileID: 2835074697839672949, guid: 0689b351cff5af045a9b06f68f48ab9f, type: 3}
      propertyPath: m_LocalPosition.z
      value: 0
      objectReference: {fileID: 0}
    - target: {fileID: 2835074697839672949, guid: 0689b351cff5af045a9b06f68f48ab9f, type: 3}
      propertyPath: m_LocalRotation.w
      value: 1
      objectReference: {fileID: 0}
    - target: {fileID: 2835074697839672949, guid: 0689b351cff5af045a9b06f68f48ab9f, type: 3}
      propertyPath: m_LocalRotation.x
      value: -0
      objectReference: {fileID: 0}
    - target: {fileID: 2835074697839672949, guid: 0689b351cff5af045a9b06f68f48ab9f, type: 3}
      propertyPath: m_LocalRotation.y
      value: -0
      objectReference: {fileID: 0}
    - target: {fileID: 2835074697839672949, guid: 0689b351cff5af045a9b06f68f48ab9f, type: 3}
      propertyPath: m_LocalRotation.z
      value: -0
      objectReference: {fileID: 0}
    - target: {fileID: 2835074697839672949, guid: 0689b351cff5af045a9b06f68f48ab9f, type: 3}
      propertyPath: m_LocalEulerAnglesHint.x
      value: 0
      objectReference: {fileID: 0}
    - target: {fileID: 2835074697839672949, guid: 0689b351cff5af045a9b06f68f48ab9f, type: 3}
      propertyPath: m_LocalEulerAnglesHint.y
      value: 0
      objectReference: {fileID: 0}
    - target: {fileID: 2835074697839672949, guid: 0689b351cff5af045a9b06f68f48ab9f, type: 3}
      propertyPath: m_LocalEulerAnglesHint.z
      value: 0
      objectReference: {fileID: 0}
    m_RemovedComponents: []
  m_SourcePrefab: {fileID: 100100000, guid: 0689b351cff5af045a9b06f68f48ab9f, type: 3}
--- !u!1 &1908430397
GameObject:
  m_ObjectHideFlags: 0
  m_CorrespondingSourceObject: {fileID: 0}
  m_PrefabInstance: {fileID: 0}
  m_PrefabAsset: {fileID: 0}
  serializedVersion: 6
  m_Component:
  - component: {fileID: 1908430399}
  - component: {fileID: 1908430398}
  m_Layer: 0
  m_Name: koin
  m_TagString: Untagged
  m_Icon: {fileID: 0}
  m_NavMeshLayer: 0
  m_StaticEditorFlags: 0
  m_IsActive: 1
--- !u!212 &1908430398
SpriteRenderer:
  m_ObjectHideFlags: 0
  m_CorrespondingSourceObject: {fileID: 0}
  m_PrefabInstance: {fileID: 0}
  m_PrefabAsset: {fileID: 0}
  m_GameObject: {fileID: 1908430397}
  m_Enabled: 1
  m_CastShadows: 0
  m_ReceiveShadows: 0
  m_DynamicOccludee: 1
  m_MotionVectors: 1
  m_LightProbeUsage: 1
  m_ReflectionProbeUsage: 1
  m_RayTracingMode: 0
  m_RayTraceProcedural: 0
  m_RenderingLayerMask: 1
  m_RendererPriority: 0
  m_Materials:
  - {fileID: 10754, guid: 0000000000000000f000000000000000, type: 0}
  m_StaticBatchInfo:
    firstSubMesh: 0
    subMeshCount: 0
  m_StaticBatchRoot: {fileID: 0}
  m_ProbeAnchor: {fileID: 0}
  m_LightProbeVolumeOverride: {fileID: 0}
  m_ScaleInLightmap: 1
  m_ReceiveGI: 1
  m_PreserveUVs: 0
  m_IgnoreNormalsForChartDetection: 0
  m_ImportantGI: 0
  m_StitchLightmapSeams: 1
  m_SelectedEditorRenderState: 0
  m_MinimumChartSize: 4
  m_AutoUVMaxDistance: 0.5
  m_AutoUVMaxAngle: 89
  m_LightmapParameters: {fileID: 0}
  m_SortingLayerID: 0
  m_SortingLayer: 0
  m_SortingOrder: 0
  m_Sprite: {fileID: 21300000, guid: 4e594671dbdd7014e841b7911881bed8, type: 3}
  m_Color: {r: 1, g: 1, b: 1, a: 1}
  m_FlipX: 0
  m_FlipY: 0
  m_DrawMode: 0
  m_Size: {x: 9, y: 5.2}
  m_AdaptiveModeThreshold: 0.5
  m_SpriteTileMode: 0
  m_WasSpriteAssigned: 0
  m_MaskInteraction: 0
  m_SpriteSortPoint: 0
--- !u!4 &1908430399
Transform:
  m_ObjectHideFlags: 0
  m_CorrespondingSourceObject: {fileID: 0}
  m_PrefabInstance: {fileID: 0}
  m_PrefabAsset: {fileID: 0}
  m_GameObject: {fileID: 1908430397}
  m_LocalRotation: {x: 0, y: 0, z: 0, w: 1}
  m_LocalPosition: {x: -14.472841, y: 6.705751, z: 0}
  m_LocalScale: {x: 1, y: 1, z: 1}
  m_Children: []
  m_Father: {fileID: 0}
  m_RootOrder: 13
  m_LocalEulerAnglesHint: {x: 0, y: 0, z: 0}
--- !u!1 &1955273050
GameObject:
  m_ObjectHideFlags: 0
  m_CorrespondingSourceObject: {fileID: 0}
  m_PrefabInstance: {fileID: 0}
  m_PrefabAsset: {fileID: 0}
  serializedVersion: 6
  m_Component:
  - component: {fileID: 1955273052}
  - component: {fileID: 1955273051}
  - component: {fileID: 1955273053}
  m_Layer: 0
  m_Name: "\u0411\u0435\u0437 \u0438\u043C\u0435\u043D\u0438"
  m_TagString: Untagged
  m_Icon: {fileID: 0}
  m_NavMeshLayer: 0
  m_StaticEditorFlags: 0
  m_IsActive: 1
--- !u!212 &1955273051
SpriteRenderer:
  m_ObjectHideFlags: 0
  m_CorrespondingSourceObject: {fileID: 0}
  m_PrefabInstance: {fileID: 0}
  m_PrefabAsset: {fileID: 0}
  m_GameObject: {fileID: 1955273050}
  m_Enabled: 1
  m_CastShadows: 0
  m_ReceiveShadows: 0
  m_DynamicOccludee: 1
  m_MotionVectors: 1
  m_LightProbeUsage: 1
  m_ReflectionProbeUsage: 1
  m_RayTracingMode: 0
  m_RayTraceProcedural: 0
  m_RenderingLayerMask: 1
  m_RendererPriority: 0
  m_Materials:
  - {fileID: 10754, guid: 0000000000000000f000000000000000, type: 0}
  m_StaticBatchInfo:
    firstSubMesh: 0
    subMeshCount: 0
  m_StaticBatchRoot: {fileID: 0}
  m_ProbeAnchor: {fileID: 0}
  m_LightProbeVolumeOverride: {fileID: 0}
  m_ScaleInLightmap: 1
  m_ReceiveGI: 1
  m_PreserveUVs: 0
  m_IgnoreNormalsForChartDetection: 0
  m_ImportantGI: 0
  m_StitchLightmapSeams: 1
  m_SelectedEditorRenderState: 0
  m_MinimumChartSize: 4
  m_AutoUVMaxDistance: 0.5
  m_AutoUVMaxAngle: 89
  m_LightmapParameters: {fileID: 0}
  m_SortingLayerID: 0
  m_SortingLayer: 0
  m_SortingOrder: 0
  m_Sprite: {fileID: 21300000, guid: c4e44287e139a48469828adcf1ec563c, type: 3}
  m_Color: {r: 1, g: 1, b: 1, a: 1}
  m_FlipX: 0
  m_FlipY: 0
  m_DrawMode: 0
  m_Size: {x: 7.47, y: 2.6}
  m_AdaptiveModeThreshold: 0.5
  m_SpriteTileMode: 0
  m_WasSpriteAssigned: 1
  m_MaskInteraction: 0
  m_SpriteSortPoint: 0
--- !u!4 &1955273052
Transform:
  m_ObjectHideFlags: 0
  m_CorrespondingSourceObject: {fileID: 0}
  m_PrefabInstance: {fileID: 0}
  m_PrefabAsset: {fileID: 0}
  m_GameObject: {fileID: 1955273050}
  m_LocalRotation: {x: 0, y: 0, z: 0, w: 1}
  m_LocalPosition: {x: -1.84, y: 7.3, z: 0}
  m_LocalScale: {x: 3.9881, y: 0.0973, z: 1}
  m_Children: []
  m_Father: {fileID: 0}
  m_RootOrder: 12
  m_LocalEulerAnglesHint: {x: 0, y: 0, z: 0}
--- !u!61 &1955273053
BoxCollider2D:
  m_ObjectHideFlags: 0
  m_CorrespondingSourceObject: {fileID: 0}
  m_PrefabInstance: {fileID: 0}
  m_PrefabAsset: {fileID: 0}
  m_GameObject: {fileID: 1955273050}
  m_Enabled: 1
  m_Density: 1
  m_Material: {fileID: 0}
  m_IsTrigger: 0
  m_UsedByEffector: 0
  m_UsedByComposite: 0
  m_Offset: {x: 0, y: 0}
  m_SpriteTilingProperty:
    border: {x: 0, y: 0, z: 0, w: 0}
    pivot: {x: 0.5, y: 0.5}
    oldSize: {x: 7.47, y: 2.6}
    newSize: {x: 7.47, y: 2.6}
    adaptiveTilingThreshold: 0.5
    drawMode: 0
    adaptiveTiling: 0
  m_AutoTiling: 0
  serializedVersion: 2
  m_Size: {x: 7.47, y: 2.6}
  m_EdgeRadius: 0
--- !u!1001 &1156426210616915653
PrefabInstance:
  m_ObjectHideFlags: 0
  serializedVersion: 2
  m_Modification:
    m_TransformParent: {fileID: 0}
    m_Modifications:
    - target: {fileID: 1156426208665399883, guid: e7c50fa147d876042af11ff1a41e7876, type: 3}
      propertyPath: m_Pivot.x
      value: 0
      objectReference: {fileID: 0}
    - target: {fileID: 1156426208665399883, guid: e7c50fa147d876042af11ff1a41e7876, type: 3}
      propertyPath: m_Pivot.y
      value: 1
      objectReference: {fileID: 0}
    - target: {fileID: 1156426208665399883, guid: e7c50fa147d876042af11ff1a41e7876, type: 3}
      propertyPath: m_SizeDelta.x
      value: 178.3259
      objectReference: {fileID: 0}
    - target: {fileID: 1156426208665399883, guid: e7c50fa147d876042af11ff1a41e7876, type: 3}
      propertyPath: m_SizeDelta.y
      value: 156.9961
      objectReference: {fileID: 0}
    - target: {fileID: 1156426208665399883, guid: e7c50fa147d876042af11ff1a41e7876, type: 3}
      propertyPath: m_AnchoredPosition.x
      value: 0
      objectReference: {fileID: 0}
    - target: {fileID: 1156426208665399883, guid: e7c50fa147d876042af11ff1a41e7876, type: 3}
      propertyPath: m_AnchoredPosition.y
      value: 0
      objectReference: {fileID: 0}
    - target: {fileID: 1156426208971181442, guid: e7c50fa147d876042af11ff1a41e7876, type: 3}
      propertyPath: m_FontData.m_MaxSize
      value: 300
      objectReference: {fileID: 0}
    - target: {fileID: 1156426208971181442, guid: e7c50fa147d876042af11ff1a41e7876, type: 3}
      propertyPath: m_FontData.m_FontSize
      value: 58
      objectReference: {fileID: 0}
    - target: {fileID: 1156426208971181443, guid: e7c50fa147d876042af11ff1a41e7876, type: 3}
      propertyPath: m_SizeDelta.x
      value: 445.0847
      objectReference: {fileID: 0}
    - target: {fileID: 1156426208971181443, guid: e7c50fa147d876042af11ff1a41e7876, type: 3}
      propertyPath: m_SizeDelta.y
      value: 275.053
      objectReference: {fileID: 0}
    - target: {fileID: 1156426208971181443, guid: e7c50fa147d876042af11ff1a41e7876, type: 3}
      propertyPath: m_AnchoredPosition.x
      value: 40
      objectReference: {fileID: 0}
    - target: {fileID: 1156426208971181443, guid: e7c50fa147d876042af11ff1a41e7876, type: 3}
      propertyPath: m_AnchoredPosition.y
      value: 59.028
      objectReference: {fileID: 0}
    - target: {fileID: 1156426209192002874, guid: e7c50fa147d876042af11ff1a41e7876, type: 3}
      propertyPath: m_IsActive
      value: 0
      objectReference: {fileID: 0}
    - target: {fileID: 1156426209649793406, guid: e7c50fa147d876042af11ff1a41e7876, type: 3}
      propertyPath: m_Pivot.x
      value: 1
      objectReference: {fileID: 0}
    - target: {fileID: 1156426209649793406, guid: e7c50fa147d876042af11ff1a41e7876, type: 3}
      propertyPath: m_AnchorMax.x
      value: 1
      objectReference: {fileID: 0}
    - target: {fileID: 1156426209649793406, guid: e7c50fa147d876042af11ff1a41e7876, type: 3}
      propertyPath: m_AnchorMin.x
      value: 1
      objectReference: {fileID: 0}
    - target: {fileID: 1156426209649793406, guid: e7c50fa147d876042af11ff1a41e7876, type: 3}
      propertyPath: m_SizeDelta.x
      value: 232.6
      objectReference: {fileID: 0}
    - target: {fileID: 1156426209649793406, guid: e7c50fa147d876042af11ff1a41e7876, type: 3}
      propertyPath: m_SizeDelta.y
      value: 225.2678
      objectReference: {fileID: 0}
    - target: {fileID: 1156426209649793406, guid: e7c50fa147d876042af11ff1a41e7876, type: 3}
      propertyPath: m_AnchoredPosition.x
      value: 0
      objectReference: {fileID: 0}
    - target: {fileID: 1156426209649793406, guid: e7c50fa147d876042af11ff1a41e7876, type: 3}
      propertyPath: m_AnchoredPosition.y
      value: 0
      objectReference: {fileID: 0}
    - target: {fileID: 1156426210362134981, guid: e7c50fa147d876042af11ff1a41e7876, type: 3}
      propertyPath: m_Name
      value: game
      objectReference: {fileID: 0}
    - target: {fileID: 1156426210362134983, guid: e7c50fa147d876042af11ff1a41e7876, type: 3}
      propertyPath: m_RootOrder
      value: 19
      objectReference: {fileID: 0}
    - target: {fileID: 1156426210362134983, guid: e7c50fa147d876042af11ff1a41e7876, type: 3}
      propertyPath: m_LocalPosition.x
      value: 0
      objectReference: {fileID: 0}
    - target: {fileID: 1156426210362134983, guid: e7c50fa147d876042af11ff1a41e7876, type: 3}
      propertyPath: m_LocalPosition.y
      value: 0
      objectReference: {fileID: 0}
    - target: {fileID: 1156426210362134983, guid: e7c50fa147d876042af11ff1a41e7876, type: 3}
      propertyPath: m_LocalPosition.z
      value: 0
      objectReference: {fileID: 0}
    - target: {fileID: 1156426210362134983, guid: e7c50fa147d876042af11ff1a41e7876, type: 3}
      propertyPath: m_LocalRotation.w
      value: 1
      objectReference: {fileID: 0}
    - target: {fileID: 1156426210362134983, guid: e7c50fa147d876042af11ff1a41e7876, type: 3}
      propertyPath: m_LocalRotation.x
      value: 0
      objectReference: {fileID: 0}
    - target: {fileID: 1156426210362134983, guid: e7c50fa147d876042af11ff1a41e7876, type: 3}
      propertyPath: m_LocalRotation.y
      value: 0
      objectReference: {fileID: 0}
    - target: {fileID: 1156426210362134983, guid: e7c50fa147d876042af11ff1a41e7876, type: 3}
      propertyPath: m_LocalRotation.z
      value: 0
      objectReference: {fileID: 0}
    - target: {fileID: 1156426210362134983, guid: e7c50fa147d876042af11ff1a41e7876, type: 3}
      propertyPath: m_LocalEulerAnglesHint.x
      value: 0
      objectReference: {fileID: 0}
    - target: {fileID: 1156426210362134983, guid: e7c50fa147d876042af11ff1a41e7876, type: 3}
      propertyPath: m_LocalEulerAnglesHint.y
      value: 0
      objectReference: {fileID: 0}
    - target: {fileID: 1156426210362134983, guid: e7c50fa147d876042af11ff1a41e7876, type: 3}
      propertyPath: m_LocalEulerAnglesHint.z
      value: 0
      objectReference: {fileID: 0}
    - target: {fileID: 1156426210803984576, guid: e7c50fa147d876042af11ff1a41e7876, type: 3}
      propertyPath: m_FontData.m_MaxSize
      value: 69
      objectReference: {fileID: 0}
    - target: {fileID: 1156426210803984576, guid: e7c50fa147d876042af11ff1a41e7876, type: 3}
      propertyPath: m_FontData.m_FontSize
      value: 69
      objectReference: {fileID: 0}
    - target: {fileID: 1156426210803984577, guid: e7c50fa147d876042af11ff1a41e7876, type: 3}
      propertyPath: m_Pivot.x
      value: 1
      objectReference: {fileID: 0}
    - target: {fileID: 1156426210803984577, guid: e7c50fa147d876042af11ff1a41e7876, type: 3}
      propertyPath: m_AnchorMax.x
      value: 1
      objectReference: {fileID: 0}
    - target: {fileID: 1156426210803984577, guid: e7c50fa147d876042af11ff1a41e7876, type: 3}
      propertyPath: m_AnchorMin.x
      value: 1
      objectReference: {fileID: 0}
    - target: {fileID: 1156426210803984577, guid: e7c50fa147d876042af11ff1a41e7876, type: 3}
      propertyPath: m_SizeDelta.x
      value: 223.8329
      objectReference: {fileID: 0}
    - target: {fileID: 1156426210803984577, guid: e7c50fa147d876042af11ff1a41e7876, type: 3}
      propertyPath: m_SizeDelta.y
      value: 121.0979
      objectReference: {fileID: 0}
    - target: {fileID: 1156426210803984577, guid: e7c50fa147d876042af11ff1a41e7876, type: 3}
      propertyPath: m_AnchoredPosition.x
      value: -123.1
      objectReference: {fileID: 0}
    - target: {fileID: 1156426210803984577, guid: e7c50fa147d876042af11ff1a41e7876, type: 3}
      propertyPath: m_AnchoredPosition.y
      value: -78.8
      objectReference: {fileID: 0}
    - target: {fileID: 4272715823064693950, guid: e7c50fa147d876042af11ff1a41e7876, type: 3}
      propertyPath: m_Pivot.x
      value: 0.5
      objectReference: {fileID: 0}
    - target: {fileID: 4272715823064693950, guid: e7c50fa147d876042af11ff1a41e7876, type: 3}
      propertyPath: m_Pivot.y
      value: 0.5
      objectReference: {fileID: 0}
    - target: {fileID: 4272715823064693950, guid: e7c50fa147d876042af11ff1a41e7876, type: 3}
      propertyPath: m_AnchorMax.x
      value: 1
      objectReference: {fileID: 0}
    - target: {fileID: 4272715823064693950, guid: e7c50fa147d876042af11ff1a41e7876, type: 3}
      propertyPath: m_AnchorMax.y
      value: 1
      objectReference: {fileID: 0}
    - target: {fileID: 4272715823064693950, guid: e7c50fa147d876042af11ff1a41e7876, type: 3}
      propertyPath: m_AnchorMin.x
      value: 0
      objectReference: {fileID: 0}
    - target: {fileID: 4272715823064693950, guid: e7c50fa147d876042af11ff1a41e7876, type: 3}
      propertyPath: m_AnchorMin.y
      value: 0
      objectReference: {fileID: 0}
    - target: {fileID: 4272715823064693950, guid: e7c50fa147d876042af11ff1a41e7876, type: 3}
      propertyPath: m_SizeDelta.x
      value: 0
      objectReference: {fileID: 0}
    - target: {fileID: 4272715823064693950, guid: e7c50fa147d876042af11ff1a41e7876, type: 3}
      propertyPath: m_SizeDelta.y
      value: 0
      objectReference: {fileID: 0}
    - target: {fileID: 4272715823064693950, guid: e7c50fa147d876042af11ff1a41e7876, type: 3}
      propertyPath: m_LocalScale.x
      value: 1
      objectReference: {fileID: 0}
    - target: {fileID: 4272715823064693950, guid: e7c50fa147d876042af11ff1a41e7876, type: 3}
      propertyPath: m_LocalScale.y
      value: 1
      objectReference: {fileID: 0}
    - target: {fileID: 4272715823064693950, guid: e7c50fa147d876042af11ff1a41e7876, type: 3}
      propertyPath: m_LocalScale.z
      value: 1
      objectReference: {fileID: 0}
    m_RemovedComponents: []
  m_SourcePrefab: {fileID: 100100000, guid: e7c50fa147d876042af11ff1a41e7876, type: 3}
--- !u!1001 &3156311136005218763
PrefabInstance:
  m_ObjectHideFlags: 0
  serializedVersion: 2
  m_Modification:
    m_TransformParent: {fileID: 0}
    m_Modifications:
    - target: {fileID: 3156311135012485092, guid: 015b9f96999878a4c89b44fe55f44013, type: 3}
      propertyPath: m_IsTrigger
      value: 0
      objectReference: {fileID: 0}
    - target: {fileID: 3156311135012485094, guid: 015b9f96999878a4c89b44fe55f44013, type: 3}
      propertyPath: m_Name
      value: Jake
      objectReference: {fileID: 0}
    - target: {fileID: 3156311135012485114, guid: 015b9f96999878a4c89b44fe55f44013, type: 3}
      propertyPath: m_RootOrder
      value: 11
      objectReference: {fileID: 0}
    - target: {fileID: 3156311135012485114, guid: 015b9f96999878a4c89b44fe55f44013, type: 3}
      propertyPath: m_LocalPosition.x
      value: -12.28
      objectReference: {fileID: 0}
    - target: {fileID: 3156311135012485114, guid: 015b9f96999878a4c89b44fe55f44013, type: 3}
      propertyPath: m_LocalPosition.y
      value: 4.85
      objectReference: {fileID: 0}
    - target: {fileID: 3156311135012485114, guid: 015b9f96999878a4c89b44fe55f44013, type: 3}
      propertyPath: m_LocalPosition.z
      value: 0
      objectReference: {fileID: 0}
    - target: {fileID: 3156311135012485114, guid: 015b9f96999878a4c89b44fe55f44013, type: 3}
      propertyPath: m_LocalRotation.w
      value: 1
      objectReference: {fileID: 0}
    - target: {fileID: 3156311135012485114, guid: 015b9f96999878a4c89b44fe55f44013, type: 3}
      propertyPath: m_LocalRotation.x
      value: 0
      objectReference: {fileID: 0}
    - target: {fileID: 3156311135012485114, guid: 015b9f96999878a4c89b44fe55f44013, type: 3}
      propertyPath: m_LocalRotation.y
      value: 0
      objectReference: {fileID: 0}
    - target: {fileID: 3156311135012485114, guid: 015b9f96999878a4c89b44fe55f44013, type: 3}
      propertyPath: m_LocalRotation.z
      value: 0
      objectReference: {fileID: 0}
    - target: {fileID: 3156311135012485114, guid: 015b9f96999878a4c89b44fe55f44013, type: 3}
      propertyPath: m_LocalEulerAnglesHint.x
      value: 0
      objectReference: {fileID: 0}
    - target: {fileID: 3156311135012485114, guid: 015b9f96999878a4c89b44fe55f44013, type: 3}
      propertyPath: m_LocalEulerAnglesHint.y
      value: 0
      objectReference: {fileID: 0}
    - target: {fileID: 3156311135012485114, guid: 015b9f96999878a4c89b44fe55f44013, type: 3}
      propertyPath: m_LocalEulerAnglesHint.z
      value: 0
      objectReference: {fileID: 0}
    - target: {fileID: 3156311135012485119, guid: 015b9f96999878a4c89b44fe55f44013, type: 3}
      propertyPath: m_IsTrigger
      value: 1
      objectReference: {fileID: 0}
    m_RemovedComponents: []
  m_SourcePrefab: {fileID: 100100000, guid: 015b9f96999878a4c89b44fe55f44013, type: 3}
--- !u!1001 &3737712590878643128
PrefabInstance:
  m_ObjectHideFlags: 0
  serializedVersion: 2
  m_Modification:
    m_TransformParent: {fileID: 0}
    m_Modifications:
    - target: {fileID: 2397745072249148428, guid: 546c2774df0570b49947291cdaa656b5, type: 3}
      propertyPath: m_Name
      value: "\u0441\u0448\u0438\u043F\u0438"
      objectReference: {fileID: 0}
    - target: {fileID: 3268541099042553982, guid: 546c2774df0570b49947291cdaa656b5, type: 3}
      propertyPath: m_RootOrder
      value: 17
      objectReference: {fileID: 0}
    - target: {fileID: 3268541099042553982, guid: 546c2774df0570b49947291cdaa656b5, type: 3}
      propertyPath: m_LocalScale.x
      value: 0.3355
      objectReference: {fileID: 0}
    - target: {fileID: 3268541099042553982, guid: 546c2774df0570b49947291cdaa656b5, type: 3}
      propertyPath: m_LocalScale.y
      value: 0.3608
      objectReference: {fileID: 0}
    - target: {fileID: 3268541099042553982, guid: 546c2774df0570b49947291cdaa656b5, type: 3}
      propertyPath: m_LocalPosition.x
      value: 6.85
      objectReference: {fileID: 0}
    - target: {fileID: 3268541099042553982, guid: 546c2774df0570b49947291cdaa656b5, type: 3}
      propertyPath: m_LocalPosition.y
      value: 3.75
      objectReference: {fileID: 0}
    - target: {fileID: 3268541099042553982, guid: 546c2774df0570b49947291cdaa656b5, type: 3}
      propertyPath: m_LocalPosition.z
      value: -0.408
      objectReference: {fileID: 0}
    - target: {fileID: 3268541099042553982, guid: 546c2774df0570b49947291cdaa656b5, type: 3}
      propertyPath: m_LocalRotation.w
      value: 0.017131854
      objectReference: {fileID: 0}
    - target: {fileID: 3268541099042553982, guid: 546c2774df0570b49947291cdaa656b5, type: 3}
      propertyPath: m_LocalRotation.x
      value: 0.0056191194
      objectReference: {fileID: 0}
    - target: {fileID: 3268541099042553982, guid: 546c2774df0570b49947291cdaa656b5, type: 3}
      propertyPath: m_LocalRotation.y
      value: 0.9998248
      objectReference: {fileID: 0}
    - target: {fileID: 3268541099042553982, guid: 546c2774df0570b49947291cdaa656b5, type: 3}
      propertyPath: m_LocalRotation.z
      value: -0.0050264765
      objectReference: {fileID: 0}
    - target: {fileID: 3268541099042553982, guid: 546c2774df0570b49947291cdaa656b5, type: 3}
      propertyPath: m_LocalEulerAnglesHint.x
      value: -719.413
      objectReference: {fileID: 0}
    - target: {fileID: 3268541099042553982, guid: 546c2774df0570b49947291cdaa656b5, type: 3}
      propertyPath: m_LocalEulerAnglesHint.y
      value: 178.04
      objectReference: {fileID: 0}
    - target: {fileID: 3268541099042553982, guid: 546c2774df0570b49947291cdaa656b5, type: 3}
      propertyPath: m_LocalEulerAnglesHint.z
      value: -1799.366
      objectReference: {fileID: 0}
    m_RemovedComponents: []
  m_SourcePrefab: {fileID: 100100000, guid: 546c2774df0570b49947291cdaa656b5, type: 3}
--- !u!1001 &4879873253907579663
PrefabInstance:
  m_ObjectHideFlags: 0
  serializedVersion: 2
  m_Modification:
    m_TransformParent: {fileID: 0}
    m_Modifications:
    - target: {fileID: 1519082679661159769, guid: 66866163e81a7fc4bbef6915f92e5c92, type: 3}
      propertyPath: m_RootOrder
      value: 8
      objectReference: {fileID: 0}
    - target: {fileID: 1519082679661159769, guid: 66866163e81a7fc4bbef6915f92e5c92, type: 3}
      propertyPath: m_LocalPosition.x
      value: 9.73
      objectReference: {fileID: 0}
    - target: {fileID: 1519082679661159769, guid: 66866163e81a7fc4bbef6915f92e5c92, type: 3}
      propertyPath: m_LocalPosition.y
      value: 0.2
      objectReference: {fileID: 0}
    - target: {fileID: 1519082679661159769, guid: 66866163e81a7fc4bbef6915f92e5c92, type: 3}
      propertyPath: m_LocalPosition.z
      value: 0
      objectReference: {fileID: 0}
    - target: {fileID: 1519082679661159769, guid: 66866163e81a7fc4bbef6915f92e5c92, type: 3}
      propertyPath: m_LocalRotation.w
      value: 1
      objectReference: {fileID: 0}
    - target: {fileID: 1519082679661159769, guid: 66866163e81a7fc4bbef6915f92e5c92, type: 3}
      propertyPath: m_LocalRotation.x
      value: 0
      objectReference: {fileID: 0}
    - target: {fileID: 1519082679661159769, guid: 66866163e81a7fc4bbef6915f92e5c92, type: 3}
      propertyPath: m_LocalRotation.y
      value: 0
      objectReference: {fileID: 0}
    - target: {fileID: 1519082679661159769, guid: 66866163e81a7fc4bbef6915f92e5c92, type: 3}
      propertyPath: m_LocalRotation.z
      value: 0
      objectReference: {fileID: 0}
    - target: {fileID: 1519082679661159769, guid: 66866163e81a7fc4bbef6915f92e5c92, type: 3}
      propertyPath: m_LocalEulerAnglesHint.x
      value: 0
      objectReference: {fileID: 0}
    - target: {fileID: 1519082679661159769, guid: 66866163e81a7fc4bbef6915f92e5c92, type: 3}
      propertyPath: m_LocalEulerAnglesHint.y
      value: 0
      objectReference: {fileID: 0}
    - target: {fileID: 1519082679661159769, guid: 66866163e81a7fc4bbef6915f92e5c92, type: 3}
      propertyPath: m_LocalEulerAnglesHint.z
      value: 0
      objectReference: {fileID: 0}
    - target: {fileID: 7474100652453075749, guid: 66866163e81a7fc4bbef6915f92e5c92, type: 3}
      propertyPath: m_Name
      value: Gribo4ek 2
      objectReference: {fileID: 0}
    m_RemovedComponents: []
  m_SourcePrefab: {fileID: 100100000, guid: 66866163e81a7fc4bbef6915f92e5c92, type: 3}
--- !u!1001 &5086149593986698958
PrefabInstance:
  m_ObjectHideFlags: 0
  serializedVersion: 2
  m_Modification:
    m_TransformParent: {fileID: 0}
    m_Modifications:
    - target: {fileID: 2139912866589771287, guid: 20f74386c3c84264093e7036c815e744, type: 3}
      propertyPath: m_RootOrder
      value: 14
      objectReference: {fileID: 0}
    - target: {fileID: 2139912866589771287, guid: 20f74386c3c84264093e7036c815e744, type: 3}
      propertyPath: m_LocalPosition.x
      value: 9.96
      objectReference: {fileID: 0}
    - target: {fileID: 2139912866589771287, guid: 20f74386c3c84264093e7036c815e744, type: 3}
      propertyPath: m_LocalPosition.y
      value: 2.36
      objectReference: {fileID: 0}
    - target: {fileID: 2139912866589771287, guid: 20f74386c3c84264093e7036c815e744, type: 3}
      propertyPath: m_LocalPosition.z
      value: 0
      objectReference: {fileID: 0}
    - target: {fileID: 2139912866589771287, guid: 20f74386c3c84264093e7036c815e744, type: 3}
      propertyPath: m_LocalRotation.w
      value: -0.99998
      objectReference: {fileID: 0}
    - target: {fileID: 2139912866589771287, guid: 20f74386c3c84264093e7036c815e744, type: 3}
      propertyPath: m_LocalRotation.x
      value: -0
      objectReference: {fileID: 0}
    - target: {fileID: 2139912866589771287, guid: 20f74386c3c84264093e7036c815e744, type: 3}
      propertyPath: m_LocalRotation.y
      value: -0
      objectReference: {fileID: 0}
    - target: {fileID: 2139912866589771287, guid: 20f74386c3c84264093e7036c815e744, type: 3}
      propertyPath: m_LocalRotation.z
      value: 0.0063404944
      objectReference: {fileID: 0}
    - target: {fileID: 2139912866589771287, guid: 20f74386c3c84264093e7036c815e744, type: 3}
      propertyPath: m_LocalEulerAnglesHint.x
      value: 0
      objectReference: {fileID: 0}
    - target: {fileID: 2139912866589771287, guid: 20f74386c3c84264093e7036c815e744, type: 3}
      propertyPath: m_LocalEulerAnglesHint.y
      value: 0
      objectReference: {fileID: 0}
    - target: {fileID: 2139912866589771287, guid: 20f74386c3c84264093e7036c815e744, type: 3}
      propertyPath: m_LocalEulerAnglesHint.z
      value: -360.727
      objectReference: {fileID: 0}
    - target: {fileID: 3227635166852539340, guid: 20f74386c3c84264093e7036c815e744, type: 3}
      propertyPath: m_Name
      value: portal2D
      objectReference: {fileID: 0}
    m_RemovedComponents: []
  m_SourcePrefab: {fileID: 100100000, guid: 20f74386c3c84264093e7036c815e744, type: 3}
--- !u!1 &5086149593986698959 stripped
GameObject:
  m_CorrespondingSourceObject: {fileID: 3227635166852539340, guid: 20f74386c3c84264093e7036c815e744, type: 3}
  m_PrefabInstance: {fileID: 5086149593986698958}
  m_PrefabAsset: {fileID: 0}
--- !u!114 &5086149593986698960
MonoBehaviour:
  m_ObjectHideFlags: 0
  m_CorrespondingSourceObject: {fileID: 0}
  m_PrefabInstance: {fileID: 0}
  m_PrefabAsset: {fileID: 0}
  m_GameObject: {fileID: 5086149593986698959}
  m_Enabled: 1
  m_EditorHideFlags: 0
  m_Script: {fileID: 11500000, guid: afa832a87baa3ba459e1292c44f441a1, type: 3}
  m_Name: 
  m_EditorClassIdentifier: 
  playerLayerName: Player
  nextLevelName: 
